%% This BibTeX bibliography file was created using BibDesk.
%% http://bibdesk.sourceforge.net/

%% Created for sundaymouse at 2018-02-23 00:48:09 +0000 


%% Saved with string encoding Unicode (UTF-8) 



@inproceedings{litton2016light,
	Author = {Litton, James and Vahldiek-Oberwagner, Anjo and Elnikety, Eslam and Garg, Deepak and Bhattacharjee, Bobby and Druschel, Peter},
	Booktitle = {OSDI},
	Date-Added = {2018-02-23 00:48:09 +0000},
	Date-Modified = {2018-02-23 00:48:09 +0000},
	Pages = {49--64},
	Title = {Light-Weight Contexts: An OS Abstraction for Safety and Performance.},
	Year = {2016}}

@inproceedings{memarian2016into,
	Author = {Memarian, Kayvan and Matthiesen, Justus and Lingard, James and Nienhuis, Kyndylan and Chisnall, David and Watson, Robert NM and Sewell, Peter},
	Booktitle = {ACM SIGPLAN Notices},
	Date-Added = {2018-02-23 00:41:20 +0000},
	Date-Modified = {2018-02-23 00:41:20 +0000},
	Number = {6},
	Organization = {ACM},
	Pages = {1--15},
	Title = {Into the depths of C: elaborating the de facto standards},
	Volume = {51},
	Year = {2016}}

@inproceedings{evans2015missing,
	Author = {Evans, Isaac and Fingeret, Sam and Gonzalez, Julian and Otgonbaatar, Ulziibayar and Tang, Tiffany and Shrobe, Howard and Sidiroglou-Douskos, Stelios and Rinard, Martin and Okhravi, Hamed},
	Booktitle = {Security and Privacy (SP), 2015 IEEE Symposium on},
	Date-Added = {2018-02-23 00:38:55 +0000},
	Date-Modified = {2018-02-23 00:38:55 +0000},
	Organization = {IEEE},
	Pages = {781--796},
	Title = {Missing the point (er): On the effectiveness of code pointer integrity},
	Year = {2015}}

@inproceedings{evans2015control,
	Author = {Evans, Isaac and Long, Fan and Otgonbaatar, Ulziibayar and Shrobe, Howard and Rinard, Martin and Okhravi, Hamed and Sidiroglou-Douskos, Stelios},
	Booktitle = {Proceedings of the 22nd ACM SIGSAC Conference on Computer and Communications Security},
	Date-Added = {2018-02-23 00:36:33 +0000},
	Date-Modified = {2018-02-23 00:36:33 +0000},
	Organization = {ACM},
	Pages = {901--913},
	Title = {Control jujutsu: On the weaknesses of fine-grained control flow integrity},
	Year = {2015}}

@article{backes2015boxify,
	Author = {Backes, Michael and Bugiel, Sven and Hammer, Christian and Schranz, Oliver and Styp-Rekowsky, Philipp von},
	Date-Added = {2018-02-23 00:33:43 +0000},
	Date-Modified = {2018-02-23 00:33:43 +0000},
	Publisher = {USENIX Association},
	Title = {Boxify: Full-fledged app sandboxing for stock android},
	Year = {2015}}

@inproceedings{ansel2011language,
	Author = {Ansel, Jason and Marchenko, Petr and Erlingsson, {\'U}lfar and Taylor, Elijah and Chen, Brad and Schuff, Derek L and Sehr, David and Biffle, Cliff L and Yee, Bennet},
	Booktitle = {ACM SIGPLAN Notices},
	Date-Added = {2018-02-23 00:31:17 +0000},
	Date-Modified = {2018-02-23 00:31:17 +0000},
	Number = {6},
	Organization = {ACM},
	Pages = {355--366},
	Title = {Language-independent sandboxing of just-in-time compilation and self-modifying code},
	Volume = {46},
	Year = {2011}}

@inproceedings{li2014minibox,
	Author = {Li, Yanlin and McCune, Jonathan M and Newsome, James and Perrig, Adrian and Baker, Brandon and Drewry, Will},
	Booktitle = {USENIX Annual Technical Conference},
	Date-Added = {2018-02-23 00:27:31 +0000},
	Date-Modified = {2018-02-23 00:27:31 +0000},
	Pages = {409--420},
	Title = {MiniBox: A Two-Way Sandbox for x86 Native Code.},
	Year = {2014}}

@inproceedings{woodruff2014cheri,
	Author = {Woodruff, Jonathan and Watson, Robert NM and Chisnall, David and Moore, Simon W and Anderson, Jonathan and Davis, Brooks and Laurie, Ben and Neumann, Peter G and Norton, Robert and Roe, Michael},
	Booktitle = {ACM SIGARCH Computer Architecture News},
	Date-Added = {2018-02-23 00:26:29 +0000},
	Date-Modified = {2018-02-23 00:26:29 +0000},
	Number = {3},
	Organization = {IEEE Press},
	Pages = {457--468},
	Title = {The CHERI capability model: Revisiting RISC in an age of risk},
	Volume = {42},
	Year = {2014}}

@inproceedings{miller2003paradigm,
	Author = {Miller, Mark S and Shapiro, Jonathan S},
	Booktitle = {Annual Asian Computing Science Conference},
	Date-Added = {2018-02-23 00:23:29 +0000},
	Date-Modified = {2018-02-23 00:23:29 +0000},
	Organization = {Springer},
	Pages = {224--242},
	Title = {Paradigm regained: Abstraction mechanisms for access control},
	Year = {2003}}

@inproceedings{gudka2015clean,
	Author = {Gudka, Khilan and Watson, Robert NM and Anderson, Jonathan and Chisnall, David and Davis, Brooks and Laurie, Ben and Marinos, Ilias and Neumann, Peter G and Richardson, Alex},
	Booktitle = {Proceedings of the 22nd ACM SIGSAC Conference on Computer and Communications Security},
	Date-Added = {2018-02-23 00:21:33 +0000},
	Date-Modified = {2018-02-23 00:21:33 +0000},
	Organization = {ACM},
	Pages = {1016--1031},
	Title = {Clean application compartmentalization with SOAAP},
	Year = {2015}}

@techreport{miller2003capability,
	Author = {Miller, Mark S and Yee, Ka-Ping and Shapiro, Jonathan and others},
	Date-Added = {2018-02-23 00:18:31 +0000},
	Date-Modified = {2018-02-23 00:18:31 +0000},
	Institution = {Technical Report SRL2003-02, Johns Hopkins University Systems Research Laboratory, 2003. http://www. erights. org/elib/capability/duals},
	Title = {Capability myths demolished},
	Year = {2003}}

@inproceedings{hunt2010zookeeper,
	Author = {Hunt, Patrick and Konar, Mahadev and Junqueira, Flavio Paiva and Reed, Benjamin},
	Booktitle = {USENIX annual technical conference},
	Date-Added = {2018-02-23 00:11:03 +0000},
	Date-Modified = {2018-02-23 00:11:03 +0000},
	Number = {9},
	Organization = {Boston, MA, USA},
	Title = {ZooKeeper: Wait-free Coordination for Internet-scale Systems.},
	Volume = {8},
	Year = {2010}}

@inproceedings{madhavapeddy2013unikernels,
	Author = {Madhavapeddy, Anil and Mortier, Richard and Rotsos, Charalampos and Scott, David and Singh, Balraj and Gazagnaire, Thomas and Smith, Steven and Hand, Steven and Crowcroft, Jon},
	Booktitle = {Acm Sigplan Notices},
	Date-Added = {2018-02-23 00:01:49 +0000},
	Date-Modified = {2018-02-23 00:01:49 +0000},
	Number = {4},
	Organization = {ACM},
	Pages = {461--472},
	Title = {Unikernels: Library operating systems for the cloud},
	Volume = {48},
	Year = {2013}}

@url{ianbeer,
	Author = {Ian Beer},
	Date-Added = {2018-02-22 23:57:14 +0000},
	Date-Modified = {2018-02-23 00:11:42 +0000},
	Lastchecked = {Feb 22, 2018},
	Month = {October},
	Title = {{XNU kernel UaF due to lack of locking in set\_dp\_control\_port}},
	Url = {https://bugs.chromium.org/p/project-zero/issues/detail?id=965},
	Urldate = {Oct 13, 2016},
	Year = {2016}}

@url{ioscve,
	Author = {NIST},
	Date-Added = {2018-02-22 23:53:22 +0000},
	Date-Modified = {2018-02-22 23:54:32 +0000},
	Lastchecked = {Feb 22, 2018},
	Month = {October},
	Title = {CVE-2011-0226},
	Url = {http://web.nvd.nist.gov/view/vuln/detail?vulnId=CVE-2011-0226},
	Urldate = {Oct 25, 2011},
	Year = {2011}}

@inproceedings{watson2015cheri,
	Author = {Watson, Robert NM and Woodruff, Jonathan and Neumann, Peter G and Moore, Simon W and Anderson, Jonathan and Chisnall, David and Dave, Nirav and Davis, Brooks and Gudka, Khilan and Laurie, Ben and others},
	Booktitle = {Security and Privacy (SP), 2015 IEEE Symposium on},
	Date-Added = {2018-02-22 22:30:29 +0000},
	Date-Modified = {2018-02-22 23:06:44 +0000},
	Organization = {IEEE},
	Pages = {20--37},
	Title = {{CHERI}: A hybrid capability-system architecture for scalable software compartmentalization},
	Year = {2015}}

@inproceedings{watson2010capsicum,
	Author = {Watson, Robert NM and Anderson, Jonathan and Laurie, Ben and Kennaway, Kris},
	Booktitle = {USENIX Security Symposium},
	Date-Added = {2018-02-22 22:30:10 +0000},
	Date-Modified = {2018-02-22 22:30:10 +0000},
	Pages = {2},
	Title = {Capsicum: Practical Capabilities for UNIX.},
	Volume = {46},
	Year = {2010}}

@article{wagner2002security,
	Author = {Wagner, David and Tribble, Dean},
	Date-Added = {2018-02-22 22:29:54 +0000},
	Date-Modified = {2018-02-22 22:29:54 +0000},
	Title = {A Security Analysis of the Combex DarpaBrowser Architecture},
	Year = {2002}}
