%% This BibTeX bibliography file was created using BibDesk.
%% http://bibdesk.sourceforge.net/

%% Created for sundaymouse at 2018-01-18 20:23:23 +0000 


%% Saved with string encoding Unicode (UTF-8) 



@article{fuller2017sok,
	Author = {Fuller, Benjamin and Varia, Mayank and Yerukhimovich, Arkady and Shen, Emily and Hamlin, Ariel and Gadepally, Vijay and Shay, Richard and Mitchell, John Darby and Cunningham, Robert K},
	Date-Added = {2018-01-18 20:19:19 +0000},
	Date-Modified = {2018-01-18 20:19:19 +0000},
	Journal = {arXiv preprint arXiv:1703.02014},
	Title = {SoK: Cryptographically Protected Database Search},
	Year = {2017}}

@inproceedings{herley2017sok,
	Author = {Herley, Cormac and van Oorschot, Paul C},
	Booktitle = {Security and Privacy (SP), 2017 IEEE Symposium on},
	Date-Added = {2018-01-18 20:16:31 +0000},
	Date-Modified = {2018-01-18 20:16:31 +0000},
	Organization = {IEEE},
	Pages = {99--120},
	Title = {Sok: Science, security and the elusive goal of security as a scientific pursuit},
	Year = {2017}}

@article{egorov2016zerodb,
	Author = {Egorov, Michael and Wilkison, MacLane},
	Date-Added = {2018-01-18 20:00:15 +0000},
	Date-Modified = {2018-01-18 20:00:15 +0000},
	Journal = {arXiv preprint arXiv:1602.07168},
	Title = {ZeroDB white paper},
	Year = {2016}}

@inproceedings{karapanos2016verena,
	Author = {Karapanos, Nikolaos and Filios, Alexandros and Popa, Raluca Ada and Capkun, Srdjan},
	Booktitle = {Security and Privacy (SP), 2016 IEEE Symposium on},
	Date-Added = {2018-01-18 19:57:52 +0000},
	Date-Modified = {2018-01-18 19:57:52 +0000},
	Organization = {IEEE},
	Pages = {895--913},
	Title = {Verena: End-to-end integrity protection for web applications},
	Year = {2016}}

@inproceedings{hahn2014searchable,
	Author = {Hahn, Florian and Kerschbaum, Florian},
	Booktitle = {Proceedings of the 2014 ACM SIGSAC Conference on Computer and Communications Security},
	Date-Added = {2018-01-18 19:52:15 +0000},
	Date-Modified = {2018-01-18 19:52:15 +0000},
	Organization = {ACM},
	Pages = {310--320},
	Title = {Searchable encryption with secure and efficient updates},
	Year = {2014}}

@article{pouliot2017strength,
	Author = {Pouliot, David and Griffy, Scott and Wright, Charles V},
	Date-Added = {2018-01-18 19:44:42 +0000},
	Date-Modified = {2018-01-18 19:44:42 +0000},
	Title = {The Strength of Weak Randomization: Efficiently Searchable Encryption with Minimal Leakage},
	Year = {2017}}

@techreport{lacharite2017improved,
	Author = {Lacharit{\'e}, Marie-Sarah and Minaud, Brice and Paterson, Kenneth G},
	Date-Added = {2018-01-18 19:36:29 +0000},
	Date-Modified = {2018-01-18 19:36:29 +0000},
	Institution = {IACR Cryptology ePrint Archive, Tech. Rep. 701},
	Title = {Improved reconstruction attacks on encrypted data using range query leakage},
	Year = {2017}}

@article{etemad2018efficient,
	Author = {Etemad, Mohammad and K{\"u}p{\c{c}}{\"u}, Alptekin and Papamanthou, Charalampos and Evans, David},
	Date-Added = {2018-01-18 19:31:15 +0000},
	Date-Modified = {2018-01-18 19:31:15 +0000},
	Journal = {Proceedings on Privacy Enhancing Technologies},
	Number = {1},
	Pages = {5--20},
	Publisher = {De Gruyter Open},
	Title = {Efficient Dynamic Searchable Encryption with Forward Privacy},
	Volume = {2018},
	Year = {2018}}

@inproceedings{grubbs2017your,
	Author = {Grubbs, Paul and Ristenpart, Thomas and Shmatikov, Vitaly},
	Booktitle = {Proceedings of the 16th Workshop on Hot Topics in Operating Systems},
	Date-Added = {2018-01-18 19:19:24 +0000},
	Date-Modified = {2018-01-18 19:19:24 +0000},
	Organization = {ACM},
	Pages = {162--168},
	Title = {Why your encrypted database is not secure},
	Year = {2017}}

@inproceedings{grubbs2017leakage,
	Author = {Grubbs, Paul and Sekniqi, Kevin and Bindschaedler, Vincent and Naveed, Muhammad and Ristenpart, Thomas},
	Booktitle = {Security and Privacy (SP), 2017 IEEE Symposium on},
	Date-Added = {2018-01-18 19:14:08 +0000},
	Date-Modified = {2018-01-18 19:14:08 +0000},
	Organization = {IEEE},
	Pages = {655--672},
	Title = {Leakage-abuse attacks against order-revealing encryption},
	Year = {2017}}

@inproceedings{curtmola2006searchable,
	Author = {Curtmola, Reza and Garay, Juan and Kamara, Seny and Ostrovsky, Rafail},
	Booktitle = {Proceedings of the 13th ACM conference on Computer and communications security},
	Date-Added = {2018-01-18 19:01:07 +0000},
	Date-Modified = {2018-01-18 19:01:07 +0000},
	Organization = {ACM},
	Pages = {79--88},
	Title = {Searchable symmetric encryption: improved definitions and efficient constructions},
	Year = {2006}}

@url{mylar-response,
	Author = {Raluca Ada Popa and others},
	Date-Added = {2018-01-18 18:57:21 +0000},
	Date-Modified = {2018-01-18 19:05:04 +0000},
	Lastchecked = {January 18, 2018},
	Month = {November},
	Title = {Response to {"Breaking web applications built on top of encrypted data" (CCS 2016) by P. Grubbs, R. McPherson, M. Naveed, T. Ristenpart and V. Shmatikov}},
	Url = {http://css.csail.mit.edu/mylar/security.html},
	Urldate = {November 1, 2016},
	Year = {2016}}

@url{mylar-response-response,
	Author = {Muhammad Naveed},
	Date-Added = {2018-01-18 18:55:17 +0000},
	Date-Modified = {2018-01-18 19:03:42 +0000},
	Lastchecked = {January 18, 2018},
	Month = {September},
	Title = {Mylar: The Guide for the Perplexed},
	Url = {https://docs.google.com/document/u/1/d/1NJHodio0UHs4fLhbLrbpoQJYriOEuUPNmB1e8cPRXfY/pub},
	Urldate = {September 21, 2016},
	Year = {2016}}

@inproceedings{durak2016else,
	Author = {Durak, F Bet{\"u}l and DuBuisson, Thomas M and Cash, David},
	Booktitle = {Proceedings of the 2016 ACM SIGSAC Conference on Computer and Communications Security},
	Date-Added = {2018-01-18 16:52:10 +0000},
	Date-Modified = {2018-01-18 16:52:10 +0000},
	Organization = {ACM},
	Pages = {1155--1166},
	Title = {What else is revealed by order-revealing encryption?},
	Year = {2016}}

@inproceedings{grubbs2016breaking,
	Author = {Grubbs, Paul and McPherson, Richard and Naveed, Muhammad and Ristenpart, Thomas and Shmatikov, Vitaly},
	Booktitle = {Proceedings of the 2016 ACM SIGSAC Conference on Computer and Communications Security},
	Date-Added = {2018-01-18 16:51:29 +0000},
	Date-Modified = {2018-01-18 16:51:29 +0000},
	Organization = {ACM},
	Pages = {1353--1364},
	Title = {Breaking web applications built on top of encrypted data},
	Year = {2016}}

@inproceedings{popa2014building,
	Author = {Popa, Raluca Ada and Stark, Emily and Helfer, Jonas and Valdez, Steven and Zeldovich, Nickolai and Kaashoek, M Frans and Balakrishnan, Hari},
	Booktitle = {NSDI},
	Date-Added = {2018-01-18 16:51:01 +0000},
	Date-Modified = {2018-01-18 16:51:01 +0000},
	Pages = {157--172},
	Title = {Building Web Applications on Top of Encrypted Data Using Mylar.},
	Year = {2014}}
