%% This BibTeX bibliography file was created using BibDesk.
%% http://bibdesk.sourceforge.net/

%% Created for sundaymouse at 2018-01-25 02:41:36 +0000 


%% Saved with string encoding Unicode (UTF-8) 



@inproceedings{madhavapeddy2013unikernels,
	Author = {Madhavapeddy, Anil and Mortier, Richard and Rotsos, Charalampos and Scott, David and Singh, Balraj and Gazagnaire, Thomas and Smith, Steven and Hand, Steven and Crowcroft, Jon},
	Booktitle = {ACM SIGPLAN Notices},
	Date-Added = {2018-01-25 02:17:52 +0000},
	Date-Modified = {2018-01-25 02:17:52 +0000},
	Number = {4},
	Organization = {ACM},
	Pages = {461--472},
	Title = {Unikernels: Library operating systems for the cloud},
	Volume = {48},
	Year = {2013}}

@inproceedings{watson2015cheri,
	Author = {Watson, Robert NM and Woodruff, Jonathan and Neumann, Peter G and Moore, Simon W and Anderson, Jonathan and Chisnall, David and Dave, Nirav and Davis, Brooks and Gudka, Khilan and Laurie, Ben and others},
	Booktitle = {Security and Privacy (SP), 2015 IEEE Symposium on},
	Date-Added = {2018-01-25 02:14:33 +0000},
	Date-Modified = {2018-01-25 02:14:33 +0000},
	Organization = {IEEE},
	Pages = {20--37},
	Title = {Cheri: A hybrid capability-system architecture for scalable software compartmentalization},
	Year = {2015}}

@inproceedings{heuser2014asm,
	Author = {Heuser, Stephan and Nadkarni, Adwait and Enck, William and Sadeghi, Ahmad-Reza},
	Booktitle = {USENIX Security Symposium},
	Date-Added = {2018-01-25 02:10:40 +0000},
	Date-Modified = {2018-01-25 02:22:13 +0000},
	Pages = {1005--1019},
	Title = {{ASM}: A Programmable Interface for Extending Android Security},
	Year = {2014}}

@inproceedings{morris2002linux,
	Author = {Morris, James and Smalley, Stephen and Kroah-Hartman, Greg},
	Booktitle = {USENIX Security Symposium},
	Date-Added = {2018-01-25 02:08:51 +0000},
	Date-Modified = {2018-01-25 02:08:51 +0000},
	Title = {Linux security modules: General security support for the linux kernel},
	Year = {2002}}

@inproceedings{provos2003improving,
	Author = {Provos, Niels},
	Booktitle = {USENIX Security Symposium},
	Date-Added = {2018-01-25 02:04:36 +0000},
	Date-Modified = {2018-01-25 02:04:36 +0000},
	Pages = {257--272},
	Title = {Improving Host Security with System Call Policies.},
	Year = {2003}}

@inproceedings{goldberg1996secure,
	Author = {Goldberg, Ian and Wagner, David and Thomas, Randi and Brewer, Eric A and others},
	Booktitle = {Proceedings of the 6th conference on USENIX Security Symposium, Focusing on Applications of Cryptography},
	Date-Added = {2018-01-25 02:01:40 +0000},
	Date-Modified = {2018-01-25 02:01:40 +0000},
	Pages = {1--1},
	Title = {A secure environment for untrusted helper applications: Confining the wily hacker},
	Volume = {6},
	Year = {1996}}

@inproceedings{lin1993bell,
	Author = {Lin, TY},
	Booktitle = {Proceedings on the 1992-1993 workshop on New security paradigms},
	Date-Added = {2018-01-25 01:57:37 +0000},
	Date-Modified = {2018-01-25 02:23:11 +0000},
	Organization = {ACM},
	Pages = {82--93},
	Title = {{Bell and Lapadula} axioms: a ``new'' paradigm for an ``old'' model},
	Year = {1993}}

@article{gureghian2003full,
	Author = {Gureghian, E and Hardin, Th and Jaume, M},
	Date-Added = {2018-01-25 01:53:23 +0000},
	Date-Modified = {2018-01-25 02:22:42 +0000},
	Journal = {Technical Report},
	Number = {7},
	Title = {A full formalisation of the {Bell and Lapadula} security model},
	Volume = {2003},
	Year = {2003}}

@article{mclean1985comment,
	Author = {McLean, John},
	Date-Added = {2018-01-25 01:42:31 +0000},
	Date-Modified = {2018-01-25 01:42:31 +0000},
	Journal = {Information Processing Letters},
	Number = {2},
	Pages = {67--70},
	Publisher = {Elsevier},
	Title = {A comment on the `basic security theorem'of Bell and LaPadula},
	Volume = {20},
	Year = {1985}}

@article{tam2017evolution,
	Author = {Tam, Kimberly and Feizollah, Ali and Anuar, Nor Badrul and Salleh, Rosli and Cavallaro, Lorenzo},
	Date-Added = {2018-01-25 01:17:13 +0000},
	Date-Modified = {2018-01-25 01:17:13 +0000},
	Journal = {ACM Computing Surveys (CSUR)},
	Number = {4},
	Pages = {76},
	Publisher = {ACM},
	Title = {The evolution of android malware and android analysis techniques},
	Volume = {49},
	Year = {2017}}

@book{khajuria2017cybersecurity,
	Author = {Khajuria, Samant and S{\o}rensen, Lene and Skouby, Knud Erik},
	Date-Added = {2018-01-25 01:15:40 +0000},
	Date-Modified = {2018-01-25 01:15:40 +0000},
	Publisher = {River Publishers},
	Title = {Cybersecurity and Privacy-Bridging the Gap},
	Year = {2017}}

@manual{tls,
	Author = {Dierks, T and Rescorla, E},
	Date-Added = {2018-01-25 01:09:45 +0000},
	Date-Modified = {2018-01-25 01:11:56 +0000},
	Month = {August},
	Organization = {Network Working Group},
	Title = {{The Transport Layer Security (TLS) Protocol, Version 1.2}},
	Year = {2008}}

@inproceedings{gong1989secure,
	Author = {Gong, Li},
	Booktitle = {Security and Privacy, 1989. Proceedings., 1989 IEEE Symposium on},
	Date-Added = {2018-01-25 01:03:41 +0000},
	Date-Modified = {2018-01-25 01:03:41 +0000},
	Organization = {IEEE},
	Pages = {56--63},
	Title = {A secure identity-based capability system},
	Year = {1989}}

@inproceedings{popa2014building,
	Author = {Popa, Raluca Ada and Stark, Emily and Helfer, Jonas and Valdez, Steven and Zeldovich, Nickolai and Kaashoek, M Frans and Balakrishnan, Hari},
	Booktitle = {NSDI},
	Date-Added = {2018-01-25 00:56:01 +0000},
	Date-Modified = {2018-01-25 02:23:52 +0000},
	Pages = {157--172},
	Title = {Building Web Applications on Top of Encrypted Data Using {Mylar}},
	Year = {2014}}

@url{linuxpermissions,
	Date-Added = {2018-01-25 00:49:48 +0000},
	Date-Modified = {2018-01-25 00:51:35 +0000},
	Lastchecked = {January 25, 2018},
	Month = {January},
	Title = {File permissions and attributes},
	Url = {https://wiki.archlinux.org/index.php/File_permissions_and_attributes},
	Urldate = {January 13, 2018},
	Year = {2018}}

@article{watson2013decade,
	Author = {Watson, Robert NM},
	Date-Added = {2018-01-25 00:01:44 +0000},
	Date-Modified = {2018-01-25 02:41:36 +0000},
	Journal = {Communications of the ACM},
	Number = {2},
	Pages = {52--63},
	Publisher = {ACM},
	Title = {A decade of {OS} access-control extensibility},
	Volume = {56},
	Year = {2013}}

@article{badger1996domain,
	Author = {Badger, Lee and Sterne, Daniel F and Sherman, David L and Walker, Kenneth M and Haghighat, Sheila A},
	Date-Added = {2018-01-24 23:45:40 +0000},
	Date-Modified = {2018-01-24 23:46:14 +0000},
	Journal = {Computing Systems},
	Number = {1},
	Pages = {47--83},
	Title = {A domain and type enforcement {UNIX} prototype},
	Volume = {9},
	Year = {1996}}

@techreport{karger1974multics,
	Author = {Karger, Paul A and Schell, Roger R},
	Date-Added = {2018-01-24 23:22:39 +0000},
	Date-Modified = {2018-01-24 23:23:00 +0000},
	Institution = {ELECTRONIC SYSTEMS DIV LG HANSCOM FIELD MASS},
	Title = {Multics Security Evaluation Volume II: Vulnerability Analysis},
	Year = {1974}}

@techreport{bell1976secure,
	Address = {Hanscom AFB, Bedford, MA 01731},
	Author = {Bell, D Elliott and La Padula, Leonard J},
	Date-Added = {2018-01-24 23:17:55 +0000},
	Date-Modified = {2018-01-24 23:19:08 +0000},
	Institution = {MITRE CORP},
	Number = {ESD-TR-75-306},
	Title = {Secure computer system: Unified exposition and multics interpretation},
	Year = {1976}}
