%% This BibTeX bibliography file was created using BibDesk.
%% http://bibdesk.sourceforge.net/

%% Created for sundaymouse at 2018-02-07 16:03:41 +0000 


%% Saved with string encoding Unicode (UTF-8) 



@inproceedings{murdoch2014security,
	Author = {Murdoch, Steven J and Anderson, Ross},
	Booktitle = {International Conference on Financial Cryptography and Data Security},
	Date-Added = {2018-02-07 16:03:27 +0000},
	Date-Modified = {2018-02-07 16:03:27 +0000},
	Organization = {Springer},
	Pages = {21--32},
	Title = {Security protocols and evidence: Where many payment systems fail},
	Year = {2014}}

@inproceedings{bond2014chip,
	Author = {Bond, Mike and Choudary, Omar and Murdoch, Steven J and Skorobogatov, Sergei and Anderson, Ross},
	Booktitle = {Security and Privacy (SP), 2014 IEEE Symposium on},
	Date-Added = {2018-02-07 16:03:15 +0000},
	Date-Modified = {2018-02-07 16:03:15 +0000},
	Organization = {IEEE},
	Pages = {49--64},
	Title = {Chip and Skim: cloning EMV cards with the pre-play attack},
	Year = {2014}}

@inproceedings{murdoch2010chip,
	Author = {Murdoch, Steven J and Drimer, Saar and Anderson, Ross and Bond, Mike},
	Booktitle = {Security and Privacy (SP), 2010 IEEE Symposium on},
	Date-Added = {2018-02-07 16:03:03 +0000},
	Date-Modified = {2018-02-07 16:03:03 +0000},
	Organization = {IEEE},
	Pages = {433--446},
	Title = {Chip and PIN is Broken},
	Year = {2010}}
