%% This BibTeX bibliography file was created using BibDesk.
%% http://bibdesk.sourceforge.net/

%% Created for sundaymouse at 2018-03-08 21:55:17 +0000 


%% Saved with string encoding Unicode (UTF-8) 



@article{sonnino2018coconut,
	Author = {Sonnino, Alberto and Al-Bassam, Mustafa and Bano, Shehar and Danezis, George},
	Date-Added = {2018-03-08 21:54:06 +0000},
	Date-Modified = {2018-03-08 21:54:06 +0000},
	Journal = {arXiv preprint arXiv:1802.07344},
	Title = {Coconut: Threshold Issuance Selective Disclosure Credentials with Applications to Distributed Ledgers},
	Year = {2018}}

@article{ren2018scale,
	Author = {Ren, Zhijie and Erkin, Zekeriya},
	Date-Added = {2018-03-08 21:50:20 +0000},
	Date-Modified = {2018-03-08 21:50:20 +0000},
	Journal = {arXiv preprint arXiv:1801.02531},
	Title = {A Scale-out Blockchain for Value Transfer with Spontaneous Sharding},
	Year = {2018}}

@inproceedings{dinh2017blockbench,
	Author = {Dinh, Tien Tuan Anh and Wang, Ji and Chen, Gang and Liu, Rui and Ooi, Beng Chin and Tan, Kian-Lee},
	Booktitle = {Proceedings of the 2017 ACM International Conference on Management of Data},
	Date-Added = {2018-03-08 21:46:12 +0000},
	Date-Modified = {2018-03-08 21:46:12 +0000},
	Organization = {ACM},
	Pages = {1085--1100},
	Title = {Blockbench: A framework for analyzing private blockchains},
	Year = {2017}}

@inproceedings{pass2017hybrid,
	Author = {Pass, Rafael and Shi, Elaine},
	Booktitle = {LIPIcs-Leibniz International Proceedings in Informatics},
	Date-Added = {2018-03-08 21:41:47 +0000},
	Date-Modified = {2018-03-08 21:41:47 +0000},
	Organization = {Schloss Dagstuhl-Leibniz-Zentrum fuer Informatik},
	Title = {Hybrid consensus: Efficient consensus in the permissionless model},
	Volume = {91},
	Year = {2017}}

@inproceedings{miller2016honey,
	Author = {Miller, Andrew and Xia, Yu and Croman, Kyle and Shi, Elaine and Song, Dawn},
	Booktitle = {Proceedings of the 2016 ACM SIGSAC Conference on Computer and Communications Security},
	Date-Added = {2018-03-08 21:40:07 +0000},
	Date-Modified = {2018-03-08 21:40:07 +0000},
	Organization = {ACM},
	Pages = {31--42},
	Title = {The honey badger of BFT protocols},
	Year = {2016}}

@article{guo2016blockchain,
	Author = {Guo, Ye and Liang, Chen},
	Date-Added = {2018-03-08 21:34:00 +0000},
	Date-Modified = {2018-03-08 21:34:00 +0000},
	Journal = {Financial Innovation},
	Number = {1},
	Pages = {24},
	Publisher = {Springer},
	Title = {Blockchain application and outlook in the banking industry},
	Volume = {2},
	Year = {2016}}

@article{atzori2016blockchain,
	Author = {Atzori, Marcella},
	Date-Added = {2018-03-08 21:32:56 +0000},
	Date-Modified = {2018-03-08 21:32:56 +0000},
	Title = {Blockchain-based architectures for the internet of things: a survey},
	Year = {2016}}

@article{li2017survey,
	Author = {Li, Xiaoqi and Jiang, Peng and Chen, Ting and Luo, Xiapu and Wen, Qiaoyan},
	Date-Added = {2018-03-08 21:30:49 +0000},
	Date-Modified = {2018-03-08 21:30:49 +0000},
	Journal = {Future Generation Computer Systems},
	Publisher = {Elsevier},
	Title = {A survey on the security of blockchain systems},
	Year = {2017}}

@inproceedings{atzei2017survey,
	Author = {Atzei, Nicola and Bartoletti, Massimo and Cimoli, Tiziana},
	Booktitle = {International Conference on Principles of Security and Trust},
	Date-Added = {2018-03-08 21:28:31 +0000},
	Date-Modified = {2018-03-08 21:28:31 +0000},
	Organization = {Springer},
	Pages = {164--186},
	Title = {A survey of attacks on Ethereum smart contracts (SoK)},
	Year = {2017}}

@url{segwit,
	Author = {Eric Lombrozo, Johnson Lau, Pieter Wuille},
	Date-Added = {2018-03-08 21:19:12 +0000},
	Date-Modified = {2018-03-08 21:20:54 +0000},
	Lastchecked = {March 8, 2018},
	Month = {December},
	Title = {{BIP-141}, Bitcoin Improvement Proposals},
	Url = {https://github.com/bitcoin/bips/blob/master/bip-0141.mediawiki},
	Urldate = {December 21, 2015},
	Year = {2015}}

@url{bth,
	Author = {Rizzo, Pete},
	Date-Added = {2018-03-08 21:16:30 +0000},
	Date-Modified = {2018-03-08 21:17:12 +0000},
	Lastchecked = {March 8, 2018},
	Month = {11},
	Title = {Bitcoin Cash Hard Forks In Bid to Ease Mining Difficulties},
	Url = {https://www.coindesk.com/bitcoin-cash-hard-forks-blockchain-bid-ease-mining-difficulties/},
	Urldate = {November 13, 2017},
	Year = {2017}}

@url{btc,
	Author = {Leonid Bershidsky},
	Date-Added = {2018-03-08 21:14:04 +0000},
	Date-Modified = {2018-03-08 21:14:04 +0000},
	Lastchecked = {February 7, 2018},
	Month = {November},
	Title = {Bitcoin's High Transaction Fees Show Its Limits},
	Url = {https://www.bloomberg.com/view/articles/2017-11-14/bitcoin-s-high-transaction-fees-show-its-limits},
	Urldate = {November 14, 2017},
	Year = {2017},
	Bdsk-Url-1 = {https://www.bloomberg.com/view/articles/2017-11-14/bitcoin-s-high-transaction-fees-show-its-limits}}

@article{meiklejohn2018mobius,
	Author = {Meiklejohn, Sarah and Mercer, Rebekah},
	Date-Added = {2018-03-08 21:10:36 +0000},
	Date-Modified = {2018-03-08 21:10:36 +0000},
	Journal = {Proceedings on Privacy Enhancing Technologies},
	Number = {2},
	Pages = {105--121},
	Publisher = {De Gruyter Open},
	Title = {M{\"o}bius: Trustless tumbling for transaction privacy},
	Volume = {2018},
	Year = {2018}}

@inproceedings{meiklejohn2015privacy,
	Author = {Meiklejohn, Sarah and Orlandi, Claudio},
	Booktitle = {International Conference on Financial Cryptography and Data Security},
	Date-Added = {2018-03-08 21:09:09 +0000},
	Date-Modified = {2018-03-08 21:09:09 +0000},
	Organization = {Springer},
	Pages = {127--141},
	Title = {Privacy-enhancing overlays in bitcoin},
	Year = {2015}}

@inproceedings{chen2017on,
	Address = {Cham},
	Author = {Chen, Lin and Xu, Lei and Shah, Nolan and Gao, Zhimin and Lu, Yang and Shi, Weidong},
	Booktitle = {Stabilization, Safety, and Security of Distributed Systems},
	Date-Added = {2018-03-08 20:46:51 +0000},
	Date-Modified = {2018-03-08 20:46:58 +0000},
	Editor = {Spirakis, Paul and Tsigas, Philippas},
	Pages = {282--297},
	Publisher = {Springer International Publishing},
	Title = {On Security Analysis of Proof-of-Elapsed-Time (PoET)},
	Year = {2017}}

@inproceedings{douceur2002sybil,
	Author = {Douceur, John R},
	Booktitle = {International workshop on peer-to-peer systems},
	Date-Added = {2018-03-08 20:02:32 +0000},
	Date-Modified = {2018-03-08 20:02:32 +0000},
	Organization = {Springer},
	Pages = {251--260},
	Title = {The sybil attack},
	Year = {2002}}

@article{wood2014ethereum,
	Author = {Wood, Gavin},
	Date-Added = {2018-03-08 19:18:15 +0000},
	Date-Modified = {2018-03-08 19:18:15 +0000},
	Journal = {Ethereum Project Yellow Paper},
	Pages = {1--32},
	Title = {Ethereum: A secure decentralised generalised transaction ledger},
	Volume = {151},
	Year = {2014}}

@inproceedings{syta2016keeping,
	Author = {Syta, Ewa and Tamas, Iulia and Visher, Dylan and Wolinsky, David Isaac and Jovanovic, Philipp and Gasser, Linus and Gailly, Nicolas and Khoffi, Ismail and Ford, Bryan},
	Booktitle = {Security and Privacy (SP), 2016 IEEE Symposium on},
	Date-Added = {2018-03-08 17:58:17 +0000},
	Date-Modified = {2018-03-08 17:58:17 +0000},
	Organization = {Ieee},
	Pages = {526--545},
	Title = {Keeping authorities" honest or bust" with decentralized witness cosigning},
	Year = {2016}}

@article{al2017chainspace,
	Author = {Al-Bassam, Mustafa and Sonnino, Alberto and Bano, Shehar and Hrycyszyn, Dave and Danezis, George},
	Date-Added = {2018-03-08 16:04:22 +0000},
	Date-Modified = {2018-03-08 16:04:22 +0000},
	Journal = {arXiv preprint arXiv:1708.03778},
	Title = {Chainspace: A Sharded Smart Contracts Platform},
	Year = {2017}}

@inproceedings{kogias2016enhancing,
	Author = {Kokoris-Kogias, Eleftherios and Jovanovic, Philipp and Gailly, Nicolas and Khoffi, Ismail and Gasser, Linus and Ford, Bryan},
	Booktitle = {25th USENIX Security Symposium (USENIX Security 16)},
	Date-Added = {2018-03-08 16:04:07 +0000},
	Date-Modified = {2018-03-08 17:50:58 +0000},
	Pages = {279--296},
	Title = {Enhancing {Bitcoin} security and performance with strong consistency via collective signing},
	Year = {2016}}

@article{bano2017consensus,
	Author = {Bano, Shehar and Sonnino, Alberto and Al-Bassam, Mustafa and Azouvi, Sarah and McCorry, Patrick and Meiklejohn, Sarah and Danezis, George},
	Date-Added = {2018-03-08 16:03:55 +0000},
	Date-Modified = {2018-03-08 16:03:55 +0000},
	Journal = {arXiv preprint arXiv:1711.03936},
	Title = {Consensus in the Age of Blockchains},
	Year = {2017}}
