%% This BibTeX bibliography file was created using BibDesk.
%% http://bibdesk.sourceforge.net/

%% Created for sundaymouse at 2018-02-16 04:23:12 +0000 


%% Saved with string encoding Unicode (UTF-8) 



@inproceedings{desmond2008identifying,
	Author = {Desmond, Loh Chin Choong and Yuan, Cho Chia and Pheng, Tan Chung and Lee, Ri Seng},
	Booktitle = {Proceedings of the first ACM conference on Wireless network security},
	Date-Added = {2018-02-16 03:38:58 +0000},
	Date-Modified = {2018-02-16 03:38:58 +0000},
	Organization = {ACM},
	Pages = {46--55},
	Title = {Identifying unique devices through wireless fingerprinting},
	Year = {2008}}

@inproceedings{eckersley2010unique,
	Author = {Eckersley, Peter},
	Booktitle = {International Symposium on Privacy Enhancing Technologies Symposium},
	Date-Added = {2018-02-16 03:36:17 +0000},
	Date-Modified = {2018-02-16 03:36:17 +0000},
	Organization = {Springer},
	Pages = {1--18},
	Title = {How unique is your web browser?},
	Year = {2010}}

@article{zander2007survey,
	Author = {Zander, Sebastian and Armitage, Grenville and Branch, Philip},
	Date-Added = {2018-02-16 03:34:21 +0000},
	Date-Modified = {2018-02-16 03:34:21 +0000},
	Journal = {IEEE Communications Surveys \& Tutorials},
	Number = {3},
	Pages = {44--57},
	Publisher = {IEEE},
	Title = {A survey of covert channels and countermeasures in computer network protocols},
	Volume = {9},
	Year = {2007}}

@inproceedings{gu2007bothunter,
	Author = {Gu, Guofei and Porras, Phillip A and Yegneswaran, Vinod and Fong, Martin W and Lee, Wenke},
	Booktitle = {USENIX Security Symposium},
	Date-Added = {2018-02-16 03:29:52 +0000},
	Date-Modified = {2018-02-16 03:29:52 +0000},
	Pages = {1--16},
	Title = {Bothunter: Detecting malware infection through ids-driven dialog correlation.},
	Volume = {7},
	Year = {2007}}

@inproceedings{ling2009new,
	Author = {Ling, Zhen and Luo, Junzhou and Yu, Wei and Fu, Xinwen and Xuan, Dong and Jia, Weijia},
	Booktitle = {Proceedings of the 16th ACM conference on Computer and communications security},
	Date-Added = {2018-02-16 03:27:47 +0000},
	Date-Modified = {2018-02-16 03:27:47 +0000},
	Organization = {ACM},
	Pages = {578--589},
	Title = {A new cell counter based attack against tor},
	Year = {2009}}

@inproceedings{evans2009practical,
	Author = {Evans, Nathan S and Dingledine, Roger and Grothoff, Christian},
	Booktitle = {USENIX Security Symposium},
	Date-Added = {2018-02-16 03:26:51 +0000},
	Date-Modified = {2018-02-16 03:26:51 +0000},
	Pages = {33--50},
	Title = {A Practical Congestion Attack on Tor Using Long Paths.},
	Year = {2009}}

@inproceedings{murdoch2005low,
	Author = {Murdoch, Steven J and Danezis, George},
	Booktitle = {Security and Privacy, 2005 IEEE Symposium on},
	Date-Added = {2018-02-16 03:22:56 +0000},
	Date-Modified = {2018-02-16 03:22:56 +0000},
	Organization = {IEEE},
	Pages = {183--195},
	Title = {Low-cost traffic analysis of Tor},
	Year = {2005}}

@inproceedings{duckham2005formal,
	Author = {Duckham, Matt and Kulik, Lars},
	Booktitle = {International conference on pervasive computing},
	Date-Added = {2018-02-16 03:18:52 +0000},
	Date-Modified = {2018-02-16 03:18:52 +0000},
	Organization = {Springer},
	Pages = {152--170},
	Title = {A formal model of obfuscation and negotiation for location privacy},
	Year = {2005}}

@inproceedings{sasson2014zerocash,
	Author = {Sasson, Eli Ben and Chiesa, Alessandro and Garman, Christina and Green, Matthew and Miers, Ian and Tromer, Eran and Virza, Madars},
	Booktitle = {Security and Privacy (SP), 2014 IEEE Symposium on},
	Date-Added = {2018-02-16 03:15:43 +0000},
	Date-Modified = {2018-02-16 03:15:43 +0000},
	Organization = {IEEE},
	Pages = {459--474},
	Title = {Zerocash: Decentralized anonymous payments from bitcoin},
	Year = {2014}}

@inproceedings{danezis2009sybilinfer,
	Author = {Danezis, George and Mittal, Prateek},
	Booktitle = {NDSS},
	Date-Added = {2018-02-16 03:11:29 +0000},
	Date-Modified = {2018-02-16 03:11:29 +0000},
	Organization = {San Diego, CA},
	Pages = {1--15},
	Title = {SybilInfer: Detecting Sybil Nodes using Social Networks.},
	Year = {2009}}

@article{hopper2010much,
	Author = {Hopper, Nicholas and Vasserman, Eugene Y and Chan-Tin, Eric},
	Date-Added = {2018-02-16 03:09:13 +0000},
	Date-Modified = {2018-02-16 03:09:13 +0000},
	Journal = {ACM Transactions on Information and System Security (TISSEC)},
	Number = {2},
	Pages = {13},
	Publisher = {ACM},
	Title = {How much anonymity does network latency leak?},
	Volume = {13},
	Year = {2010}}

@inproceedings{wang2015seeing,
	Author = {Wang, Liang and Dyer, Kevin P and Akella, Aditya and Ristenpart, Thomas and Shrimpton, Thomas},
	Booktitle = {Proceedings of the 22nd ACM SIGSAC Conference on Computer and Communications Security},
	Date-Added = {2018-02-16 02:41:46 +0000},
	Date-Modified = {2018-02-16 02:41:46 +0000},
	Organization = {ACM},
	Pages = {57--69},
	Title = {Seeing through network-protocol obfuscation},
	Year = {2015}}

@url{silkroad,
	Author = {Nathaniel Popper},
	Date-Added = {2018-02-16 02:33:55 +0000},
	Date-Modified = {2018-02-16 04:23:12 +0000},
	Lastchecked = {Feb 16, 2018},
	Month = {December},
	Title = {The Tax Sleuth Who Took Down a Drug Lord},
	Url = {https://www.nytimes.com/2015/12/27/business/dealbook/the-unsung-tax-agent-who-put-a-face-on-the-silk-road.html},
	Urldate = {Dec 25, 2015},
	Year = {2015}}

@article{cherubin2017website,
	Author = {Cherubin, Giovanni and Hayes, Jamie and Juarez, Marc},
	Date-Added = {2018-02-16 02:23:58 +0000},
	Date-Modified = {2018-02-16 02:23:58 +0000},
	Journal = {Proceedings on Privacy Enhancing Technologies},
	Number = {2},
	Pages = {186--203},
	Publisher = {De Gruyter Open},
	Title = {Website fingerprinting defenses at the application layer},
	Volume = {2017},
	Year = {2017}}

@article{wang2016realistically,
	Author = {Wang, Tao and Goldberg, Ian},
	Date-Added = {2018-02-16 02:22:51 +0000},
	Date-Modified = {2018-02-16 02:22:51 +0000},
	Journal = {Proceedings on Privacy Enhancing Technologies},
	Number = {4},
	Pages = {21--36},
	Publisher = {De Gruyter Open},
	Title = {On realistically attacking Tor with website fingerprinting},
	Volume = {2016},
	Year = {2016}}

@inproceedings{gulcu1996mixing,
	Author = {Gulcu, Ceki and Tsudik, Gene},
	Booktitle = {Network and Distributed System Security, 1996., Proceedings of the Symposium on},
	Date-Added = {2018-02-16 00:49:43 +0000},
	Date-Modified = {2018-02-16 00:49:43 +0000},
	Organization = {IEEE},
	Pages = {2--16},
	Title = {Mixing E-mail with Babel},
	Year = {1996}}

@article{moller2003mixmaster,
	Author = {M{\"o}ller, Ulf and Cottrell, Lance and Palfrader, Peter and Sassaman, Len},
	Date-Added = {2018-02-16 00:49:07 +0000},
	Date-Modified = {2018-02-16 00:49:07 +0000},
	Journal = {Draft, July},
	Pages = {28},
	Title = {Mixmaster protocol---version 2},
	Volume = {154},
	Year = {2003}}

@inproceedings{murdoch2006hot,
	Author = {Murdoch, Steven J},
	Booktitle = {Proceedings of the 13th ACM conference on Computer and communications security},
	Date-Added = {2018-02-16 00:45:43 +0000},
	Date-Modified = {2018-02-16 00:45:43 +0000},
	Organization = {ACM},
	Pages = {27--36},
	Title = {Hot or not: Revealing hidden services by their clock skew},
	Year = {2006}}

@techreport{dingledine2014tor,
	Author = {Roger Dingledine, Nick Mathews, Steven Murdoch, Paul Syverson},
	Date-Added = {2018-02-16 00:44:02 +0000},
	Date-Modified = {2018-02-16 00:45:22 +0000},
	Institution = {Tor Project},
	Month = {January},
	Number = {DRAFT v1},
	Title = {Tor: The Second-Generation Onion Router },
	Year = {2014}}

@inproceedings{danezis2003mixminion,
	Author = {Danezis, George and Dingledine, Roger and Mathewson, Nick},
	Booktitle = {Security and Privacy, 2003. Proceedings. 2003 Symposium on},
	Date-Added = {2018-02-16 00:43:25 +0000},
	Date-Modified = {2018-02-16 00:43:25 +0000},
	Organization = {IEEE},
	Pages = {2--15},
	Title = {Mixminion: Design of a type III anonymous remailer protocol},
	Year = {2003}}
